%YAML 1.1
%TAG !u! tag:unity3d.com,2011:
--- !u!29 &1
OcclusionCullingSettings:
  m_ObjectHideFlags: 0
  serializedVersion: 2
  m_OcclusionBakeSettings:
    smallestOccluder: 5
    smallestHole: 0.25
    backfaceThreshold: 100
  m_SceneGUID: 00000000000000000000000000000000
  m_OcclusionCullingData: {fileID: 0}
--- !u!104 &2
RenderSettings:
  m_ObjectHideFlags: 0
  serializedVersion: 9
  m_Fog: 0
  m_FogColor: {r: 0.5, g: 0.5, b: 0.5, a: 1}
  m_FogMode: 3
  m_FogDensity: 0.01
  m_LinearFogStart: 0
  m_LinearFogEnd: 300
  m_AmbientSkyColor: {r: 0.212, g: 0.227, b: 0.259, a: 1}
  m_AmbientEquatorColor: {r: 0.114, g: 0.125, b: 0.133, a: 1}
  m_AmbientGroundColor: {r: 0.047, g: 0.043, b: 0.035, a: 1}
  m_AmbientIntensity: 1
  m_AmbientMode: 3
  m_SubtractiveShadowColor: {r: 0.42, g: 0.478, b: 0.627, a: 1}
  m_SkyboxMaterial: {fileID: 0}
  m_HaloStrength: 0.5
  m_FlareStrength: 1
  m_FlareFadeSpeed: 3
  m_HaloTexture: {fileID: 0}
  m_SpotCookie: {fileID: 10001, guid: 0000000000000000e000000000000000, type: 0}
  m_DefaultReflectionMode: 0
  m_DefaultReflectionResolution: 128
  m_ReflectionBounces: 1
  m_ReflectionIntensity: 1
  m_CustomReflection: {fileID: 0}
  m_Sun: {fileID: 0}
  m_IndirectSpecularColor: {r: 0, g: 0, b: 0, a: 1}
  m_UseRadianceAmbientProbe: 0
--- !u!157 &3
LightmapSettings:
  m_ObjectHideFlags: 0
  serializedVersion: 12
  m_GIWorkflowMode: 1
  m_GISettings:
    serializedVersion: 2
    m_BounceScale: 1
    m_IndirectOutputScale: 1
    m_AlbedoBoost: 1
    m_EnvironmentLightingMode: 0
    m_EnableBakedLightmaps: 0
    m_EnableRealtimeLightmaps: 0
  m_LightmapEditorSettings:
    serializedVersion: 12
    m_Resolution: 2
    m_BakeResolution: 40
    m_AtlasSize: 1024
    m_AO: 0
    m_AOMaxDistance: 1
    m_CompAOExponent: 1
    m_CompAOExponentDirect: 0
    m_ExtractAmbientOcclusion: 0
    m_Padding: 2
    m_LightmapParameters: {fileID: 0}
    m_LightmapsBakeMode: 1
    m_TextureCompression: 1
    m_FinalGather: 0
    m_FinalGatherFiltering: 1
    m_FinalGatherRayCount: 256
    m_ReflectionCompression: 2
    m_MixedBakeMode: 2
    m_BakeBackend: 0
    m_PVRSampling: 1
    m_PVRDirectSampleCount: 32
    m_PVRSampleCount: 500
    m_PVRBounces: 2
    m_PVREnvironmentSampleCount: 500
    m_PVREnvironmentReferencePointCount: 2048
    m_PVRFilteringMode: 2
    m_PVRDenoiserTypeDirect: 0
    m_PVRDenoiserTypeIndirect: 0
    m_PVRDenoiserTypeAO: 0
    m_PVRFilterTypeDirect: 0
    m_PVRFilterTypeIndirect: 0
    m_PVRFilterTypeAO: 0
    m_PVREnvironmentMIS: 0
    m_PVRCulling: 1
    m_PVRFilteringGaussRadiusDirect: 1
    m_PVRFilteringGaussRadiusIndirect: 5
    m_PVRFilteringGaussRadiusAO: 2
    m_PVRFilteringAtrousPositionSigmaDirect: 0.5
    m_PVRFilteringAtrousPositionSigmaIndirect: 2
    m_PVRFilteringAtrousPositionSigmaAO: 1
    m_ExportTrainingData: 0
    m_TrainingDataDestination: TrainingData
    m_LightProbeSampleCountMultiplier: 4
  m_LightingDataAsset: {fileID: 0}
  m_LightingSettings: {fileID: 0}
--- !u!196 &4
NavMeshSettings:
  serializedVersion: 2
  m_ObjectHideFlags: 0
  m_BuildSettings:
    serializedVersion: 2
    agentTypeID: 0
    agentRadius: 0.5
    agentHeight: 2
    agentSlope: 45
    agentClimb: 0.4
    ledgeDropHeight: 0
    maxJumpAcrossDistance: 0
    minRegionArea: 2
    manualCellSize: 0
    cellSize: 0.16666667
    manualTileSize: 0
    tileSize: 256
    accuratePlacement: 0
    maxJobWorkers: 0
    preserveTilesOutsideBounds: 0
    debug:
      m_Flags: 0
  m_NavMeshData: {fileID: 0}
--- !u!1 &104116693
GameObject:
  m_ObjectHideFlags: 0
  m_CorrespondingSourceObject: {fileID: 0}
  m_PrefabInstance: {fileID: 0}
  m_PrefabAsset: {fileID: 0}
  serializedVersion: 6
  m_Component:
  - component: {fileID: 104116696}
  - component: {fileID: 104116695}
  - component: {fileID: 104116694}
  - component: {fileID: 104116698}
  - component: {fileID: 104116697}
  m_Layer: 0
  m_Name: Player
  m_TagString: Untagged
  m_Icon: {fileID: 0}
  m_NavMeshLayer: 0
  m_StaticEditorFlags: 0
  m_IsActive: 1
--- !u!60 &104116694
PolygonCollider2D:
  m_ObjectHideFlags: 0
  m_CorrespondingSourceObject: {fileID: 0}
  m_PrefabInstance: {fileID: 0}
  m_PrefabAsset: {fileID: 0}
  m_GameObject: {fileID: 104116693}
  m_Enabled: 1
  m_Density: 1
  m_Material: {fileID: 0}
  m_IsTrigger: 0
  m_UsedByEffector: 0
  m_UsedByComposite: 0
  m_Offset: {x: 0, y: 0}
  m_SpriteTilingProperty:
    border: {x: 0, y: 0, z: 0, w: 0}
    pivot: {x: 0.5, y: 0.5}
    oldSize: {x: 2.12, y: 3}
    newSize: {x: 1, y: 1}
    adaptiveTilingThreshold: 0.5
    drawMode: 0
    adaptiveTiling: 0
  m_AutoTiling: 0
  m_Points:
    m_Paths:
    - - {x: 0.85999995, y: -0.9}
      - {x: 0.9, y: -0.79999995}
      - {x: 0.9, y: -0.59999996}
      - {x: 0.83, y: -0.48}
      - {x: 0.77, y: -0.42}
      - {x: 0.56, y: -0.28}
      - {x: 0.66999996, y: -0.02}
      - {x: 0.65999997, y: 0.12}
      - {x: 0.57, y: 0.19999999}
      - {x: 0.52, y: 0.16}
      - {x: 0.47, y: -0.04}
      - {x: 0.28, y: -0.17}
      - {x: 0.22999999, y: -0.22999999}
      - {x: 0.21, y: -0.41}
      - {x: 0.22999999, y: -0.48999998}
      - {x: 0.41, y: -0.59999996}
      - {x: 0.22999999, y: -0.76}
      - {x: 0.03, y: -0.88}
      - {x: -0.089999996, y: -0.9}
      - {x: -0.11, y: -0.59999996}
      - {x: -0.049999997, y: -0.35999998}
      - {x: -0.03, y: -0.08}
      - {x: -0.049999997, y: 0.099999994}
      - {x: 0.04, y: 0.42999998}
      - {x: 0.099999994, y: 0.37}
      - {x: 0.14, y: 0.38}
      - {x: 0.13, y: 0.58}
      - {x: 0.099999994, y: 0.64}
      - {x: 0.099999994, y: 0.83}
      - {x: 0.089999996, y: 1.01}
      - {x: 0.06, y: 1.3199999}
      - {x: 0.049999997, y: 1.38}
      - {x: -0.01, y: 1.43}
      - {x: -0.32, y: 1.43}
      - {x: -0.39999998, y: 1.3399999}
      - {x: -0.42999998, y: 1.1999999}
      - {x: -0.64, y: 1.01}
      - {x: -0.72999996, y: 0.77}
      - {x: -0.81, y: 0.78}
      - {x: -0.87, y: 0.78}
      - {x: -0.89, y: 0.76}
      - {x: -0.88, y: 0.66999996}
      - {x: -0.85999995, y: 0.59999996}
      - {x: -0.77, y: 0.48999998}
      - {x: -0.68, y: 0.39}
      - {x: -0.7, y: -0.04}
      - {x: -0.7, y: -0.32}
      - {x: -0.69, y: -0.42999998}
      - {x: -0.66999996, y: -0.58}
      - {x: -0.71, y: -0.78999996}
      - {x: -0.74, y: -0.96999997}
      - {x: -0.7, y: -1.02}
      - {x: -0.65, y: -1.04}
      - {x: -0.61, y: -1.27}
      - {x: -0.53999996, y: -1.37}
      - {x: -0.44, y: -1.43}
      - {x: -0.06, y: -1.43}
      - {x: 0.24, y: -1.31}
      - {x: 0.45999998, y: -1.1899999}
      - {x: 0.71999997, y: -1.02}
    - - {x: -0.01, y: 0.16}
      - {x: -0.049999997, y: 0.08}
      - {x: -0.049999997, y: 0.049999997}
      - {x: -0.03, y: 0.04}
      - {x: 0, y: 0.049999997}
      - {x: 0.04, y: 0.14}
      - {x: 0.04, y: 0.16}
      - {x: 0.02, y: 0.17}
    - - {x: 0.099999994, y: 0.26}
      - {x: 0.12, y: 0.29}
      - {x: 0.12, y: 0.35}
      - {x: 0.08, y: 0.35}
      - {x: 0.06, y: 0.32}
      - {x: 0.06, y: 0.26}
    - - {x: -0.59, y: 1.24}
      - {x: -0.65, y: 1.18}
      - {x: -0.65, y: 1.06}
      - {x: -0.59, y: 1.06}
      - {x: -0.5, y: 1.13}
      - {x: -0.5, y: 1.24}
    - - {x: -0.21, y: 1.15}
      - {x: -0.26999998, y: 1.16}
      - {x: -0.28, y: 1.17}
      - {x: -0.32, y: 1.17}
      - {x: -0.32, y: 1.22}
      - {x: -0.31, y: 1.23}
      - {x: -0.29999998, y: 1.3}
      - {x: -0.28, y: 1.3399999}
      - {x: -0.26, y: 1.3399999}
      - {x: -0.25, y: 1.35}
      - {x: -0.13, y: 1.35}
      - {x: -0.12, y: 1.3399999}
      - {x: -0.08, y: 1.3399999}
      - {x: -0.07, y: 1.3299999}
      - {x: -0.07, y: 1.31}
      - {x: -0.06, y: 1.3}
      - {x: -0.06, y: 1.11}
      - {x: -0.099999994, y: 1.11}
      - {x: -0.12, y: 1.1}
      - {x: -0.12, y: 1.11}
--- !u!212 &104116695
SpriteRenderer:
  m_ObjectHideFlags: 0
  m_CorrespondingSourceObject: {fileID: 0}
  m_PrefabInstance: {fileID: 0}
  m_PrefabAsset: {fileID: 0}
  m_GameObject: {fileID: 104116693}
  m_Enabled: 1
  m_CastShadows: 0
  m_ReceiveShadows: 0
  m_DynamicOccludee: 1
  m_MotionVectors: 1
  m_LightProbeUsage: 1
  m_ReflectionProbeUsage: 1
  m_RayTracingMode: 0
  m_RayTraceProcedural: 0
  m_RenderingLayerMask: 1
  m_RendererPriority: 0
  m_Materials:
  - {fileID: 10754, guid: 0000000000000000f000000000000000, type: 0}
  m_StaticBatchInfo:
    firstSubMesh: 0
    subMeshCount: 0
  m_StaticBatchRoot: {fileID: 0}
  m_ProbeAnchor: {fileID: 0}
  m_LightProbeVolumeOverride: {fileID: 0}
  m_ScaleInLightmap: 1
  m_ReceiveGI: 1
  m_PreserveUVs: 0
  m_IgnoreNormalsForChartDetection: 0
  m_ImportantGI: 0
  m_StitchLightmapSeams: 1
  m_SelectedEditorRenderState: 0
  m_MinimumChartSize: 4
  m_AutoUVMaxDistance: 0.5
  m_AutoUVMaxAngle: 89
  m_LightmapParameters: {fileID: 0}
  m_SortingLayerID: 0
  m_SortingLayer: 0
  m_SortingOrder: 0
  m_Sprite: {fileID: 21300000, guid: 482fca6c63299493081f1fb0485b7dfd, type: 3}
  m_Color: {r: 1, g: 1, b: 1, a: 1}
  m_FlipX: 0
  m_FlipY: 0
  m_DrawMode: 0
  m_Size: {x: 1, y: 1}
  m_AdaptiveModeThreshold: 0.5
  m_SpriteTileMode: 0
  m_WasSpriteAssigned: 1
  m_MaskInteraction: 0
  m_SpriteSortPoint: 0
--- !u!4 &104116696
Transform:
  m_ObjectHideFlags: 0
  m_CorrespondingSourceObject: {fileID: 0}
  m_PrefabInstance: {fileID: 0}
  m_PrefabAsset: {fileID: 0}
  m_GameObject: {fileID: 104116693}
  m_LocalRotation: {x: 0, y: 0, z: 0, w: 1}
  m_LocalPosition: {x: 5.2876, y: -0.5618, z: 0}
  m_LocalScale: {x: 0.20357661, y: 0.20357661, z: 0.20357661}
  m_Children: []
  m_Father: {fileID: 0}
  m_RootOrder: 6
  m_LocalEulerAnglesHint: {x: 0, y: 0, z: 0}
--- !u!50 &104116697
Rigidbody2D:
  serializedVersion: 4
  m_ObjectHideFlags: 0
  m_CorrespondingSourceObject: {fileID: 0}
  m_PrefabInstance: {fileID: 0}
  m_PrefabAsset: {fileID: 0}
  m_GameObject: {fileID: 104116693}
  m_BodyType: 0
  m_Simulated: 1
  m_UseFullKinematicContacts: 0
  m_UseAutoMass: 0
  m_Mass: 1
  m_LinearDrag: 0
  m_AngularDrag: 0.05
  m_GravityScale: 0
  m_Material: {fileID: 0}
  m_Interpolate: 0
  m_SleepingMode: 1
  m_CollisionDetection: 0
  m_Constraints: 4
--- !u!114 &104116698
MonoBehaviour:
  m_ObjectHideFlags: 0
  m_CorrespondingSourceObject: {fileID: 0}
  m_PrefabInstance: {fileID: 0}
  m_PrefabAsset: {fileID: 0}
  m_GameObject: {fileID: 104116693}
  m_Enabled: 1
  m_EditorHideFlags: 0
  m_Script: {fileID: 11500000, guid: efeb8971e1e874dc2a7278f5fe2cc975, type: 3}
  m_Name: 
  m_EditorClassIdentifier: 
  moveSpeed: 3
  rb: {fileID: 104116697}
--- !u!1 &339891381
GameObject:
  m_ObjectHideFlags: 0
  m_CorrespondingSourceObject: {fileID: 0}
  m_PrefabInstance: {fileID: 0}
  m_PrefabAsset: {fileID: 0}
  serializedVersion: 6
  m_Component:
  - component: {fileID: 339891383}
  - component: {fileID: 339891382}
  - component: {fileID: 339891385}
  - component: {fileID: 339891384}
  m_Layer: 0
  m_Name: Ziel
  m_TagString: Untagged
  m_Icon: {fileID: 0}
  m_NavMeshLayer: 0
  m_StaticEditorFlags: 0
  m_IsActive: 1
--- !u!212 &339891382
SpriteRenderer:
  m_ObjectHideFlags: 0
  m_CorrespondingSourceObject: {fileID: 0}
  m_PrefabInstance: {fileID: 0}
  m_PrefabAsset: {fileID: 0}
  m_GameObject: {fileID: 339891381}
  m_Enabled: 1
  m_CastShadows: 0
  m_ReceiveShadows: 0
  m_DynamicOccludee: 1
  m_MotionVectors: 1
  m_LightProbeUsage: 1
  m_ReflectionProbeUsage: 1
  m_RayTracingMode: 0
  m_RayTraceProcedural: 0
  m_RenderingLayerMask: 1
  m_RendererPriority: 0
  m_Materials:
  - {fileID: 10754, guid: 0000000000000000f000000000000000, type: 0}
  m_StaticBatchInfo:
    firstSubMesh: 0
    subMeshCount: 0
  m_StaticBatchRoot: {fileID: 0}
  m_ProbeAnchor: {fileID: 0}
  m_LightProbeVolumeOverride: {fileID: 0}
  m_ScaleInLightmap: 1
  m_ReceiveGI: 1
  m_PreserveUVs: 0
  m_IgnoreNormalsForChartDetection: 0
  m_ImportantGI: 0
  m_StitchLightmapSeams: 1
  m_SelectedEditorRenderState: 0
  m_MinimumChartSize: 4
  m_AutoUVMaxDistance: 0.5
  m_AutoUVMaxAngle: 89
  m_LightmapParameters: {fileID: 0}
  m_SortingLayerID: 0
  m_SortingLayer: 0
  m_SortingOrder: 0
  m_Sprite: {fileID: 21300000, guid: 547b8471fb8be4aff88eb546e5b468bc, type: 3}
  m_Color: {r: 1, g: 1, b: 1, a: 1}
  m_FlipX: 0
  m_FlipY: 0
  m_DrawMode: 0
  m_Size: {x: 1, y: 1}
  m_AdaptiveModeThreshold: 0.5
  m_SpriteTileMode: 0
  m_WasSpriteAssigned: 1
  m_MaskInteraction: 0
  m_SpriteSortPoint: 0
--- !u!4 &339891383
Transform:
  m_ObjectHideFlags: 0
  m_CorrespondingSourceObject: {fileID: 0}
  m_PrefabInstance: {fileID: 0}
  m_PrefabAsset: {fileID: 0}
  m_GameObject: {fileID: 339891381}
  m_LocalRotation: {x: 0, y: 0, z: 0, w: 1}
  m_LocalPosition: {x: 0.02, y: -0.23, z: 0}
  m_LocalScale: {x: 0.3833594, y: 0.3833594, z: 0.3833594}
  m_Children: []
  m_Father: {fileID: 0}
  m_RootOrder: 5
  m_LocalEulerAnglesHint: {x: 0, y: 0, z: 0}
--- !u!114 &339891384
MonoBehaviour:
  m_ObjectHideFlags: 0
  m_CorrespondingSourceObject: {fileID: 0}
  m_PrefabInstance: {fileID: 0}
  m_PrefabAsset: {fileID: 0}
  m_GameObject: {fileID: 339891381}
  m_Enabled: 1
  m_EditorHideFlags: 0
  m_Script: {fileID: 11500000, guid: ac0a51320e4ea46189af0a941add716c, type: 3}
  m_Name: 
  m_EditorClassIdentifier: 
--- !u!61 &339891385
BoxCollider2D:
  m_ObjectHideFlags: 0
  m_CorrespondingSourceObject: {fileID: 0}
  m_PrefabInstance: {fileID: 0}
  m_PrefabAsset: {fileID: 0}
  m_GameObject: {fileID: 339891381}
  m_Enabled: 1
  m_Density: 1
  m_Material: {fileID: 0}
  m_IsTrigger: 1
  m_UsedByEffector: 0
  m_UsedByComposite: 0
  m_Offset: {x: 0.027667046, y: 0.5533414}
  m_SpriteTilingProperty:
    border: {x: 0, y: 0, z: 0, w: 0}
    pivot: {x: 0.5, y: 0.5}
    oldSize: {x: 4.8, y: 4.6}
    newSize: {x: 1, y: 1}
    adaptiveTilingThreshold: 0.5
    drawMode: 0
    adaptiveTiling: 0
  m_AutoTiling: 0
  serializedVersion: 2
  m_Size: {x: 3.9146538, y: 2.718639}
  m_EdgeRadius: 0
--- !u!1 &519420028
GameObject:
  m_ObjectHideFlags: 0
  m_CorrespondingSourceObject: {fileID: 0}
  m_PrefabInstance: {fileID: 0}
  m_PrefabAsset: {fileID: 0}
  serializedVersion: 6
  m_Component:
  - component: {fileID: 519420032}
  - component: {fileID: 519420031}
  - component: {fileID: 519420029}
  m_Layer: 0
  m_Name: Main Camera
  m_TagString: MainCamera
  m_Icon: {fileID: 0}
  m_NavMeshLayer: 0
  m_StaticEditorFlags: 0
  m_IsActive: 1
--- !u!81 &519420029
AudioListener:
  m_ObjectHideFlags: 0
  m_CorrespondingSourceObject: {fileID: 0}
  m_PrefabInstance: {fileID: 0}
  m_PrefabAsset: {fileID: 0}
  m_GameObject: {fileID: 519420028}
  m_Enabled: 1
--- !u!20 &519420031
Camera:
  m_ObjectHideFlags: 0
  m_CorrespondingSourceObject: {fileID: 0}
  m_PrefabInstance: {fileID: 0}
  m_PrefabAsset: {fileID: 0}
  m_GameObject: {fileID: 519420028}
  m_Enabled: 1
  serializedVersion: 2
  m_ClearFlags: 2
  m_BackGroundColor: {r: 0.19215687, g: 0.3019608, b: 0.4745098, a: 0}
  m_projectionMatrixMode: 1
  m_GateFitMode: 2
  m_FOVAxisMode: 0
  m_SensorSize: {x: 36, y: 24}
  m_LensShift: {x: 0, y: 0}
  m_FocalLength: 50
  m_NormalizedViewPortRect:
    serializedVersion: 2
    x: 0
    y: 0
    width: 1
    height: 1
  near clip plane: 0.3
  far clip plane: 1000
  field of view: 60
  orthographic: 1
  orthographic size: 5
  m_Depth: -1
  m_CullingMask:
    serializedVersion: 2
    m_Bits: 4294967295
  m_RenderingPath: -1
  m_TargetTexture: {fileID: 0}
  m_TargetDisplay: 0
  m_TargetEye: 0
  m_HDR: 1
  m_AllowMSAA: 0
  m_AllowDynamicResolution: 0
  m_ForceIntoRT: 0
  m_OcclusionCulling: 0
  m_StereoConvergence: 10
  m_StereoSeparation: 0.022
--- !u!4 &519420032
Transform:
  m_ObjectHideFlags: 0
  m_CorrespondingSourceObject: {fileID: 0}
  m_PrefabInstance: {fileID: 0}
  m_PrefabAsset: {fileID: 0}
  m_GameObject: {fileID: 519420028}
  m_LocalRotation: {x: 0, y: 0, z: 0, w: 1}
  m_LocalPosition: {x: 0, y: 0, z: -10}
  m_LocalScale: {x: 1, y: 1, z: 1}
  m_Children: []
  m_Father: {fileID: 0}
  m_RootOrder: 0
  m_LocalEulerAnglesHint: {x: 0, y: 0, z: 0}
--- !u!1 &848093780
GameObject:
  m_ObjectHideFlags: 0
  m_CorrespondingSourceObject: {fileID: 0}
  m_PrefabInstance: {fileID: 0}
  m_PrefabAsset: {fileID: 0}
  serializedVersion: 6
  m_Component:
  - component: {fileID: 848093783}
  - component: {fileID: 848093782}
  - component: {fileID: 848093781}
  m_Layer: 0
  m_Name: EventSystem
  m_TagString: Untagged
  m_Icon: {fileID: 0}
  m_NavMeshLayer: 0
  m_StaticEditorFlags: 0
  m_IsActive: 1
--- !u!114 &848093781
MonoBehaviour:
  m_ObjectHideFlags: 0
  m_CorrespondingSourceObject: {fileID: 0}
  m_PrefabInstance: {fileID: 0}
  m_PrefabAsset: {fileID: 0}
  m_GameObject: {fileID: 848093780}
  m_Enabled: 1
  m_EditorHideFlags: 0
  m_Script: {fileID: 11500000, guid: 4f231c4fb786f3946a6b90b886c48677, type: 3}
  m_Name: 
  m_EditorClassIdentifier: 
  m_HorizontalAxis: Horizontal
  m_VerticalAxis: Vertical
  m_SubmitButton: Submit
  m_CancelButton: Cancel
  m_InputActionsPerSecond: 10
  m_RepeatDelay: 0.5
  m_ForceModuleActive: 0
--- !u!114 &848093782
MonoBehaviour:
  m_ObjectHideFlags: 0
  m_CorrespondingSourceObject: {fileID: 0}
  m_PrefabInstance: {fileID: 0}
  m_PrefabAsset: {fileID: 0}
  m_GameObject: {fileID: 848093780}
  m_Enabled: 1
  m_EditorHideFlags: 0
  m_Script: {fileID: 11500000, guid: 76c392e42b5098c458856cdf6ecaaaa1, type: 3}
  m_Name: 
  m_EditorClassIdentifier: 
  m_FirstSelected: {fileID: 0}
  m_sendNavigationEvents: 1
  m_DragThreshold: 10
--- !u!4 &848093783
Transform:
  m_ObjectHideFlags: 0
  m_CorrespondingSourceObject: {fileID: 0}
  m_PrefabInstance: {fileID: 0}
  m_PrefabAsset: {fileID: 0}
  m_GameObject: {fileID: 848093780}
  m_LocalRotation: {x: 0, y: 0, z: 0, w: 1}
  m_LocalPosition: {x: 0, y: 0, z: 0}
  m_LocalScale: {x: 1, y: 1, z: 1}
  m_Children: []
  m_Father: {fileID: 0}
  m_RootOrder: 8
  m_LocalEulerAnglesHint: {x: 0, y: 0, z: 0}
--- !u!1 &951140523
GameObject:
  m_ObjectHideFlags: 0
  m_CorrespondingSourceObject: {fileID: 0}
  m_PrefabInstance: {fileID: 0}
  m_PrefabAsset: {fileID: 0}
  serializedVersion: 6
  m_Component:
  - component: {fileID: 951140526}
  - component: {fileID: 951140525}
  - component: {fileID: 951140524}
  m_Layer: 0
  m_Name: Maze
  m_TagString: Untagged
  m_Icon: {fileID: 0}
  m_NavMeshLayer: 0
  m_StaticEditorFlags: 0
  m_IsActive: 1
--- !u!60 &951140524
PolygonCollider2D:
  m_ObjectHideFlags: 0
  m_CorrespondingSourceObject: {fileID: 0}
  m_PrefabInstance: {fileID: 0}
  m_PrefabAsset: {fileID: 0}
  m_GameObject: {fileID: 951140523}
  m_Enabled: 1
  m_Density: 1
  m_Material: {fileID: 0}
  m_IsTrigger: 0
  m_UsedByEffector: 0
  m_UsedByComposite: 0
  m_Offset: {x: 0, y: 0}
  m_SpriteTilingProperty:
    border: {x: 0, y: 0, z: 0, w: 0}
    pivot: {x: 0.5, y: 0.5}
    oldSize: {x: 9.66, y: 9.86}
    newSize: {x: 1, y: 1}
    adaptiveTilingThreshold: 0.5
    drawMode: 0
    adaptiveTiling: 0
  m_AutoTiling: 0
  m_Points:
    m_Paths:
    - - {x: 0.84, y: -4.42}
      - {x: 0.94, y: -4.41}
      - {x: 1.35, y: -4.29}
      - {x: 1.41, y: -4.27}
      - {x: 1.5699999, y: -4.21}
      - {x: 1.7199999, y: -4.15}
      - {x: 1.81, y: -4.11}
      - {x: 2.12, y: -3.9599998}
      - {x: 2.37, y: -3.81}
      - {x: 2.6299999, y: -3.6299999}
      - {x: 2.72, y: -3.56}
      - {x: 2.8899999, y: -3.4099998}
      - {x: 3, y: -3.31}
      - {x: 3.1999998, y: -3.11}
      - {x: 3.36, y: -2.9299998}
      - {x: 3.51, y: -2.75}
      - {x: 3.6399999, y: -2.57}
      - {x: 3.76, y: -2.3799999}
      - {x: 3.8799999, y: -2.1699998}
      - {x: 4.02, y: -1.87}
      - {x: 4.14, y: -1.5999999}
      - {x: 4.22, y: -1.31}
      - {x: 4.29, y: -1.02}
      - {x: 4.31, y: -0.91999996}
      - {x: 4.35, y: -0.65999997}
      - {x: 4.36, y: -0.58}
      - {x: 4.37, y: -0.47}
      - {x: 4.38, y: -0.29999998}
      - {x: 4.38, y: 0.049999997}
      - {x: 4.37, y: 0.22}
      - {x: 4.36, y: 0.32999998}
      - {x: 4.33, y: 0.56}
      - {x: 4.31, y: 0.66999996}
      - {x: 4.27, y: 0.87}
      - {x: 4.25, y: 0.95}
      - {x: 4.19, y: 1.17}
      - {x: 4.0899997, y: 1.4499999}
      - {x: 4.0099998, y: 1.64}
      - {x: 3.8799999, y: 1.92}
      - {x: 3.79, y: 2.08}
      - {x: 3.6799998, y: 2.26}
      - {x: 3.57, y: 2.4199998}
      - {x: 3.51, y: 2.5}
      - {x: 3.4099998, y: 2.62}
      - {x: 3.3, y: 2.75}
      - {x: 3.21, y: 2.85}
      - {x: 2.99, y: 3.07}
      - {x: 2.8799999, y: 3.1699998}
      - {x: 2.76, y: 3.28}
      - {x: 2.49, y: 3.49}
      - {x: 2.29, y: 3.61}
      - {x: 2.12, y: 3.7099998}
      - {x: 1.81, y: 3.86}
      - {x: 1.67, y: 3.9199998}
      - {x: 1.4699999, y: 4.0099998}
      - {x: 1.2099999, y: 4.08}
      - {x: 1.1, y: 4.11}
      - {x: 1.02, y: 4.13}
      - {x: 0.88, y: 4.16}
      - {x: 0.79999995, y: 4.17}
      - {x: 0.78, y: 4.13}
      - {x: 0.77, y: 4.0499997}
      - {x: 0.81, y: 4.02}
      - {x: 1.03, y: 3.97}
      - {x: 1.15, y: 3.9399998}
      - {x: 1.38, y: 3.87}
      - {x: 1.6899999, y: 3.75}
      - {x: 1.8, y: 3.6999998}
      - {x: 1.8199999, y: 3.6999998}
      - {x: 2.01, y: 3.59}
      - {x: 2.1699998, y: 3.5}
      - {x: 2.3899999, y: 3.36}
      - {x: 2.57, y: 3.23}
      - {x: 2.6699998, y: 3.1499999}
      - {x: 2.81, y: 3.04}
      - {x: 2.9299998, y: 2.9299998}
      - {x: 3.06, y: 2.8}
      - {x: 3.1699998, y: 2.6799998}
      - {x: 3.33, y: 2.49}
      - {x: 3.4499998, y: 2.32}
      - {x: 3.51, y: 2.23}
      - {x: 3.6, y: 2.09}
      - {x: 3.6999998, y: 1.92}
      - {x: 3.72, y: 1.9}
      - {x: 3.86, y: 1.63}
      - {x: 3.86, y: 1.61}
      - {x: 3.9599998, y: 1.37}
      - {x: 4.06, y: 1.0699999}
      - {x: 4.0899997, y: 0.96}
      - {x: 4.15, y: 0.71}
      - {x: 4.17, y: 0.59999996}
      - {x: 4.21, y: 0.29999998}
      - {x: 4.22, y: 0.19}
      - {x: 4.23, y: -0.03}
      - {x: 4.24, y: -0.21}
      - {x: 4.23, y: -0.22}
      - {x: 4.22, y: -0.44}
      - {x: 4.16, y: -0.9}
      - {x: 4.0899997, y: -1.22}
      - {x: 4, y: -1.51}
      - {x: 3.9399998, y: -1.67}
      - {x: 3.87, y: -1.8399999}
      - {x: 3.87, y: -1.86}
      - {x: 3.72, y: -2.1499999}
      - {x: 3.6999998, y: -2.1699998}
      - {x: 3.6, y: -2.34}
      - {x: 3.4199998, y: -2.62}
      - {x: 3.23, y: -2.86}
      - {x: 3.1699998, y: -2.9299998}
      - {x: 3.05, y: -3.05}
      - {x: 3.05, y: -3.07}
      - {x: 2.6299999, y: -2.46}
      - {x: 2.7, y: -2.3799999}
      - {x: 2.78, y: -2.29}
      - {x: 2.87, y: -2.1699998}
      - {x: 3.01, y: -1.9599999}
      - {x: 3.08, y: -1.8399999}
      - {x: 3.22, y: -1.55}
      - {x: 3.25, y: -1.48}
      - {x: 3.27, y: -1.43}
      - {x: 3.27, y: -1.4}
      - {x: 3.1699998, y: -1.35}
      - {x: 2.85, y: -1.22}
      - {x: 2.73, y: -1.17}
      - {x: 2.49, y: -1.06}
      - {x: 2.52, y: -1.02}
      - {x: 2.61, y: -0.65999997}
      - {x: 2.6299999, y: -0.55}
      - {x: 2.6499999, y: -0.39999998}
      - {x: 2.6599998, y: -0.28}
      - {x: 2.6599998, y: 0.03}
      - {x: 2.6499999, y: 0.14999999}
      - {x: 2.6299999, y: 0.29999998}
      - {x: 2.61, y: 0.41}
      - {x: 2.57, y: 0.62}
      - {x: 2.49, y: 0.82}
      - {x: 2.44, y: 0.94}
      - {x: 2.33, y: 1.17}
      - {x: 2.29, y: 1.24}
      - {x: 2.24, y: 1.3199999}
      - {x: 2.12, y: 1.48}
      - {x: 2.04, y: 1.5899999}
      - {x: 1.8199999, y: 1.8199999}
      - {x: 1.7199999, y: 1.9}
      - {x: 1.55, y: 2.04}
      - {x: 1.49, y: 2.08}
      - {x: 1.28, y: 2.21}
      - {x: 1.11, y: 2.29}
      - {x: 1.12, y: 2.36}
      - {x: 1.3399999, y: 2.8899999}
      - {x: 1.36, y: 2.96}
      - {x: 1.4399999, y: 2.9199998}
      - {x: 1.4599999, y: 2.9199998}
      - {x: 1.68, y: 2.79}
      - {x: 1.79, y: 2.73}
      - {x: 2.12, y: 2.49}
      - {x: 2.26, y: 2.37}
      - {x: 2.5, y: 2.1499999}
      - {x: 2.5, y: 2.1399999}
      - {x: 2.57, y: 2.06}
      - {x: 2.6599998, y: 1.9499999}
      - {x: 2.77, y: 1.79}
      - {x: 2.8899999, y: 1.62}
      - {x: 2.95, y: 1.5}
      - {x: 3.08, y: 1.27}
      - {x: 3.08, y: 1.25}
      - {x: 3.1499999, y: 1.0699999}
      - {x: 3.23, y: 0.84999996}
      - {x: 3.3, y: 0.57}
      - {x: 3.32, y: 0.47}
      - {x: 3.35, y: 0.26}
      - {x: 3.36, y: 0.16}
      - {x: 3.37, y: -0.02}
      - {x: 3.3799999, y: -0.17999999}
      - {x: 3.3999999, y: -0.19999999}
      - {x: 3.5, y: -0.19999999}
      - {x: 3.52, y: -0.17999999}
      - {x: 3.52, y: 0.04}
      - {x: 3.51, y: 0.19}
      - {x: 3.49, y: 0.35999998}
      - {x: 3.46, y: 0.53999996}
      - {x: 3.4299998, y: 0.68}
      - {x: 3.3799999, y: 0.88}
      - {x: 3.3, y: 1.12}
      - {x: 3.26, y: 1.2099999}
      - {x: 3.07, y: 1.61}
      - {x: 2.98, y: 1.76}
      - {x: 2.9399998, y: 1.8199999}
      - {x: 2.85, y: 1.9499999}
      - {x: 2.75, y: 2.08}
      - {x: 2.6299999, y: 2.22}
      - {x: 2.34, y: 2.5}
      - {x: 2.21, y: 2.61}
      - {x: 2.02, y: 2.77}
      - {x: 1.77, y: 2.9199998}
      - {x: 1.4499999, y: 3.08}
      - {x: 1.31, y: 3.1399999}
      - {x: 1.12, y: 3.21}
      - {x: 0.88, y: 3.28}
      - {x: 0.59999996, y: 3.34}
      - {x: 0.38, y: 3.37}
      - {x: 0.26, y: 3.3799999}
      - {x: -0.24, y: 3.3799999}
      - {x: -0.35999998, y: 3.37}
      - {x: -0.58, y: 3.34}
      - {x: -0.82, y: 3.29}
      - {x: -0.90999997, y: 3.27}
      - {x: -1.1, y: 3.21}
      - {x: -1.22, y: 3.1699998}
      - {x: -1.43, y: 3.08}
      - {x: -1.68, y: 2.96}
      - {x: -1.75, y: 2.9199998}
      - {x: -1.88, y: 2.84}
      - {x: -2.03, y: 2.74}
      - {x: -2.11, y: 2.6799998}
      - {x: -2.19, y: 2.61}
      - {x: -2.32, y: 2.5}
      - {x: -2.61, y: 2.21}
      - {x: -2.6799998, y: 2.1299999}
      - {x: -2.8, y: 1.99}
      - {x: -2.8799999, y: 1.88}
      - {x: -3.05, y: 1.61}
      - {x: -3.11, y: 1.5}
      - {x: -3.21, y: 1.28}
      - {x: -3.29, y: 1.0799999}
      - {x: -3.36, y: 0.87}
      - {x: -3.3899999, y: 0.76}
      - {x: -3.4299998, y: 0.59}
      - {x: -3.4499998, y: 0.48999998}
      - {x: -3.46, y: 0.42999998}
      - {x: -3.48, y: 0.28}
      - {x: -3.49, y: 0.19}
      - {x: -3.5, y: 0.04}
      - {x: -3.5, y: -0.29}
      - {x: -3.49, y: -0.44}
      - {x: -3.47, y: -0.61}
      - {x: -3.4399998, y: -0.78999996}
      - {x: -3.3899999, y: -1.01}
      - {x: -3.35, y: -1.16}
      - {x: -3.29, y: -1.3399999}
      - {x: -3.25, y: -1.43}
      - {x: -3.1999998, y: -1.55}
      - {x: -3.06, y: -1.8399999}
      - {x: -2.99, y: -1.9599999}
      - {x: -2.8999999, y: -2.1}
      - {x: -2.85, y: -2.1699998}
      - {x: -2.76, y: -2.28}
      - {x: -2.6799998, y: -2.3799999}
      - {x: -2.61, y: -2.46}
      - {x: -2.4299998, y: -2.6399999}
      - {x: -2.4099998, y: -2.6399999}
      - {x: -2.33, y: -2.56}
      - {x: -2.33, y: -2.55}
      - {x: -2.48, y: -2.3899999}
      - {x: -2.6699998, y: -2.1599998}
      - {x: -2.85, y: -1.9}
      - {x: -2.8899999, y: -1.8199999}
      - {x: -2.9399998, y: -1.73}
      - {x: -2.96, y: -1.7099999}
      - {x: -3.05, y: -1.52}
      - {x: -3.07, y: -1.48}
      - {x: -2.9199998, y: -1.42}
      - {x: -2.3899999, y: -1.1999999}
      - {x: -2.34, y: -1.16}
      - {x: -2.35, y: -1.11}
      - {x: -2.3899999, y: -1.05}
      - {x: -2.4199998, y: -1.05}
      - {x: -2.59, y: -1.12}
      - {x: -3, y: -1.29}
      - {x: -3.12, y: -1.35}
      - {x: -3.1699998, y: -1.18}
      - {x: -3.22, y: -1.06}
      - {x: -3.28, y: -0.82}
      - {x: -3.3, y: -0.71999997}
      - {x: -3.33, y: -0.51}
      - {x: -3.34, y: -0.41}
      - {x: -3.35, y: -0.22999999}
      - {x: -3.36, y: -0.03}
      - {x: -3.35, y: -0.02}
      - {x: -3.34, y: 0.16}
      - {x: -3.29, y: 0.52}
      - {x: -3.25, y: 0.7}
      - {x: -3.1899998, y: 0.9}
      - {x: -3.12, y: 1.09}
      - {x: -3.02, y: 1.04}
      - {x: -2.8999999, y: 1}
      - {x: -2.83, y: 0.96999997}
      - {x: -2.73, y: 0.93}
      - {x: -2.54, y: 0.84999996}
      - {x: -2.54, y: 0.61}
      - {x: -2.6, y: 0.35999998}
      - {x: -2.6299999, y: 0.14999999}
      - {x: -2.6399999, y: 0.03}
      - {x: -2.6399999, y: -0.17999999}
      - {x: -2.62, y: -0.19999999}
      - {x: -2.52, y: -0.19999999}
      - {x: -2.5, y: -0.17999999}
      - {x: -2.49, y: 0.12}
      - {x: -2.48, y: 0.13}
      - {x: -2.4199998, y: 0.48}
      - {x: -2.36, y: 0.68}
      - {x: -2.3, y: 0.84}
      - {x: -2.28, y: 0.9}
      - {x: -2.35, y: 0.95}
      - {x: -2.6799998, y: 1.0699999}
      - {x: -2.75, y: 1.1}
      - {x: -2.9199998, y: 1.18}
      - {x: -3.07, y: 1.23}
      - {x: -2.95, y: 1.48}
      - {x: -2.9299998, y: 1.5}
      - {x: -2.8799999, y: 1.5899999}
      - {x: -2.6399999, y: 1.9499999}
      - {x: -2.48, y: 2.1399999}
      - {x: -2.48, y: 2.1499999}
      - {x: -2.25, y: 2.37}
      - {x: -2.02, y: 2.56}
      - {x: -1.77, y: 2.73}
      - {x: -1.4399999, y: 2.9199998}
      - {x: -1.42, y: 2.9199998}
      - {x: -1.17, y: 3.03}
      - {x: -0.90999997, y: 3.11}
      - {x: -0.76, y: 3.1499999}
      - {x: -0.56, y: 3.1899998}
      - {x: -0.32999998, y: 3.22}
      - {x: -0.21, y: 3.23}
      - {x: -0.19999999, y: 3.24}
      - {x: 0.22, y: 3.24}
      - {x: 0.22999999, y: 3.23}
      - {x: 0.44, y: 3.21}
      - {x: 0.58, y: 3.1899998}
      - {x: 0.77, y: 3.1399999}
      - {x: 0.93, y: 3.11}
      - {x: 1.03, y: 3.08}
      - {x: 1.12, y: 3.05}
      - {x: 1.23, y: 3.01}
      - {x: 1.17, y: 2.87}
      - {x: 1.02, y: 2.51}
      - {x: 0.94, y: 2.32}
      - {x: 0.90999997, y: 2.23}
      - {x: 0.94, y: 2.2}
      - {x: 1.01, y: 2.1699998}
      - {x: 1.03, y: 2.1699998}
      - {x: 1.26, y: 2.04}
      - {x: 1.5, y: 1.89}
      - {x: 1.64, y: 1.78}
      - {x: 1.75, y: 1.68}
      - {x: 1.91, y: 1.51}
      - {x: 2.05, y: 1.3199999}
      - {x: 2.11, y: 1.24}
      - {x: 2.2, y: 1.0799999}
      - {x: 2.28, y: 0.93}
      - {x: 2.31, y: 0.83}
      - {x: 2.35, y: 0.72999996}
      - {x: 2.4199998, y: 0.55}
      - {x: 2.48, y: 0.28}
      - {x: 2.5, y: 0.13}
      - {x: 2.51, y: -0.02}
      - {x: 2.52, y: -0.22}
      - {x: 2.51, y: -0.22999999}
      - {x: 2.5, y: -0.37}
      - {x: 2.47, y: -0.59}
      - {x: 2.3799999, y: -0.91999996}
      - {x: 2.3, y: -1.15}
      - {x: 2.37, y: -1.1999999}
      - {x: 2.53, y: -1.25}
      - {x: 2.6299999, y: -1.29}
      - {x: 2.82, y: -1.37}
      - {x: 2.9299998, y: -1.43}
      - {x: 3.09, y: -1.48}
      - {x: 2.98, y: -1.7099999}
      - {x: 2.96, y: -1.73}
      - {x: 2.81, y: -1.9799999}
      - {x: 2.62, y: -2.24}
      - {x: 2.5, y: -2.3799999}
      - {x: 2.35, y: -2.55}
      - {x: 2.35, y: -2.56}
      - {x: 2.4299998, y: -2.6499999}
      - {x: 2.44, y: -2.6499999}
      - {x: 2.95, y: -3.1599998}
      - {x: 2.82, y: -3.28}
      - {x: 2.6299999, y: -3.4399998}
      - {x: 2.28, y: -3.6899998}
      - {x: 2.26, y: -3.6999998}
      - {x: 2.1, y: -3.79}
      - {x: 1.99, y: -3.85}
      - {x: 1.8199999, y: -3.9499998}
      - {x: 1.8, y: -3.9499998}
      - {x: 1.62, y: -4.0299997}
      - {x: 1.49, y: -4.08}
      - {x: 1.1899999, y: -4.18}
      - {x: 0.87, y: -4.2599998}
      - {x: 0.57, y: -4.31}
      - {x: 0.48, y: -4.3199997}
      - {x: 0.38, y: -4.33}
      - {x: 0.24, y: -4.3399997}
      - {x: 0.089999996, y: -4.35}
      - {x: 0.089999996, y: -3.56}
      - {x: 0.08, y: -3.51}
      - {x: 0.06, y: -3.49}
      - {x: -0.19999999, y: -3.48}
      - {x: -0.48999998, y: -3.4499998}
      - {x: -0.61, y: -3.4299998}
      - {x: -0.83, y: -3.3799999}
      - {x: -1.14, y: -3.29}
      - {x: -1.2099999, y: -3.26}
      - {x: -1.13, y: -3.07}
      - {x: -1, y: -2.76}
      - {x: -0.91999996, y: -2.57}
      - {x: -0.89, y: -2.48}
      - {x: -0.91999996, y: -2.45}
      - {x: -0.98999995, y: -2.4199998}
      - {x: -1.01, y: -2.4199998}
      - {x: -1.22, y: -2.3}
      - {x: -1.4, y: -2.19}
      - {x: -1.52, y: -2.11}
      - {x: -1.63, y: -2.02}
      - {x: -1.7099999, y: -1.9399999}
      - {x: -1.1999999, y: -1.43}
      - {x: -1.18, y: -1.4399999}
      - {x: -1.11, y: -1.36}
      - {x: -1.12, y: -1.3299999}
      - {x: -1.27, y: -1.16}
      - {x: -1.37, y: -1.02}
      - {x: -1.4399999, y: -0.89}
      - {x: -1.51, y: -0.75}
      - {x: -1.56, y: -0.61}
      - {x: -1.5999999, y: -0.45999998}
      - {x: -1.62, y: -0.32999998}
      - {x: -1.63, y: -0.22}
      - {x: -1.64, y: -0.04}
      - {x: -1.63, y: -0.03}
      - {x: -1.5799999, y: 0.29999998}
      - {x: -1.53, y: 0.45}
      - {x: -1.49, y: 0.55}
      - {x: -1.43, y: 0.65999997}
      - {x: -1.36, y: 0.78}
      - {x: -1.23, y: 0.96}
      - {x: -1.23, y: 0.96999997}
      - {x: -1.0799999, y: 1.11}
      - {x: -0.94, y: 1.22}
      - {x: -0.82, y: 1.29}
      - {x: -0.65, y: 1.39}
      - {x: -0.63, y: 1.39}
      - {x: -0.5, y: 1.4399999}
      - {x: -0.29, y: 1.48}
      - {x: -0.14999999, y: 1.5}
      - {x: -0.14999999, y: 1.52}
      - {x: 0.17, y: 1.52}
      - {x: 0.17999999, y: 1.51}
      - {x: 0.41, y: 1.4699999}
      - {x: 0.56, y: 1.42}
      - {x: 0.65, y: 1.38}
      - {x: 0.66999996, y: 1.39}
      - {x: 0.84, y: 1.29}
      - {x: 1.1, y: 1.11}
      - {x: 1.25, y: 0.96999997}
      - {x: 1.25, y: 0.96}
      - {x: 1.36, y: 0.82}
      - {x: 1.51, y: 0.57}
      - {x: 1.51, y: 0.55}
      - {x: 1.5899999, y: 0.32999998}
      - {x: 1.63, y: 0.14999999}
      - {x: 1.64, y: 0.08}
      - {x: 1.65, y: -0.03}
      - {x: 1.66, y: -0.21}
      - {x: 1.65, y: -0.22}
      - {x: 1.64, y: -0.32999998}
      - {x: 1.62, y: -0.45999998}
      - {x: 1.5799999, y: -0.62}
      - {x: 1.55, y: -0.7}
      - {x: 1.5, y: -0.82}
      - {x: 1.41, y: -0.97999996}
      - {x: 1.35, y: -1.0699999}
      - {x: 1.24, y: -1.22}
      - {x: 1.11, y: -1.36}
      - {x: 1.1, y: -1.36}
      - {x: 0.96, y: -1.4699999}
      - {x: 0.84, y: -1.54}
      - {x: 0.82, y: -1.56}
      - {x: 0.65, y: -1.64}
      - {x: 0.48, y: -1.6999999}
      - {x: 0.25, y: -1.75}
      - {x: 0.17, y: -1.76}
      - {x: -0.04, y: -1.77}
      - {x: -0.06, y: -1.79}
      - {x: -0.07, y: -1.8399999}
      - {x: -0.07, y: -2.71}
      - {x: -0.06, y: -2.75}
      - {x: -0.04, y: -2.77}
      - {x: 0.22999999, y: -2.77}
      - {x: 0.47, y: -2.75}
      - {x: 0.62, y: -2.72}
      - {x: 0.85999995, y: -2.6499999}
      - {x: 0.96, y: -2.6}
      - {x: 1.1899999, y: -3.1699998}
      - {x: 1.26, y: -3.33}
      - {x: 1.31, y: -3.33}
      - {x: 1.36, y: -3.31}
      - {x: 1.39, y: -3.28}
      - {x: 1.39, y: -3.26}
      - {x: 1.1899999, y: -2.78}
      - {x: 1.12, y: -2.61}
      - {x: 1.09, y: -2.54}
      - {x: 1.35, y: -2.4199998}
      - {x: 1.4, y: -2.3899999}
      - {x: 1.55, y: -2.29}
      - {x: 1.73, y: -2.1499999}
      - {x: 1.92, y: -1.9599999}
      - {x: 1.92, y: -1.9399999}
      - {x: 1.8399999, y: -1.86}
      - {x: 1.8299999, y: -1.86}
      - {x: 1.78, y: -1.9}
      - {x: 1.65, y: -2.02}
      - {x: 1.43, y: -2.19}
      - {x: 1.24, y: -2.3}
      - {x: 1.22, y: -2.32}
      - {x: 1.01, y: -2.4199998}
      - {x: 0.88, y: -2.46}
      - {x: 0.74, y: -2.52}
      - {x: 0.55, y: -2.57}
      - {x: 0.29999998, y: -2.61}
      - {x: 0.29, y: -2.62}
      - {x: 0.089999996, y: -2.6299999}
      - {x: 0.089999996, y: -1.91}
      - {x: 0.19999999, y: -1.91}
      - {x: 0.32999998, y: -1.89}
      - {x: 0.42999998, y: -1.87}
      - {x: 0.53999996, y: -1.8399999}
      - {x: 0.7, y: -1.78}
      - {x: 0.84, y: -1.7199999}
      - {x: 0.93, y: -1.67}
      - {x: 0.98999995, y: -1.63}
      - {x: 1.12, y: -1.53}
      - {x: 1.18, y: -1.48}
      - {x: 1.37, y: -1.29}
      - {x: 1.42, y: -1.23}
      - {x: 1.48, y: -1.15}
      - {x: 1.5699999, y: -1.02}
      - {x: 1.66, y: -0.83}
      - {x: 1.68, y: -0.78}
      - {x: 1.7199999, y: -0.66999996}
      - {x: 1.74, y: -0.59999996}
      - {x: 1.77, y: -0.48}
      - {x: 1.79, y: -0.35}
      - {x: 1.8, y: -0.26}
      - {x: 1.8, y: 0.01}
      - {x: 1.79, y: 0.11}
      - {x: 1.77, y: 0.22999999}
      - {x: 1.74, y: 0.35}
      - {x: 1.6999999, y: 0.48}
      - {x: 1.66, y: 0.58}
      - {x: 1.5699999, y: 0.77}
      - {x: 1.48, y: 0.90999997}
      - {x: 1.37, y: 1.04}
      - {x: 1.17, y: 1.24}
      - {x: 1.0699999, y: 1.3199999}
      - {x: 0.93, y: 1.42}
      - {x: 0.61, y: 1.5799999}
      - {x: 0.47, y: 1.62}
      - {x: 0.28, y: 1.65}
      - {x: 0.19999999, y: 1.66}
      - {x: 0.089999996, y: 1.66}
      - {x: 0.089999996, y: 2.46}
      - {x: 0.08, y: 2.5}
      - {x: 0.06, y: 2.52}
      - {x: -0.22, y: 2.52}
      - {x: -0.31, y: 2.51}
      - {x: -0.38, y: 2.5}
      - {x: -0.5, y: 2.48}
      - {x: -0.75, y: 2.4299998}
      - {x: -0.96999997, y: 2.34}
      - {x: -1.06, y: 2.29}
      - {x: -1.05, y: 2.24}
      - {x: -1.02, y: 2.1599998}
      - {x: -0.90999997, y: 2.19}
      - {x: -0.71999997, y: 2.27}
      - {x: -0.42, y: 2.33}
      - {x: -0.28, y: 2.35}
      - {x: -0.19, y: 2.37}
      - {x: -0.07, y: 2.3799999}
      - {x: -0.07, y: 1.66}
      - {x: -0.17999999, y: 1.66}
      - {x: -0.26, y: 1.65}
      - {x: -0.45999998, y: 1.61}
      - {x: -0.58, y: 1.5699999}
      - {x: -0.65999997, y: 1.54}
      - {x: -0.84, y: 1.4599999}
      - {x: -0.98999995, y: 1.37}
      - {x: -1.16, y: 1.24}
      - {x: -1.2099999, y: 1.1899999}
      - {x: -1.77, y: 1.75}
      - {x: -1.78, y: 1.75}
      - {x: -1.86, y: 1.67}
      - {x: -1.86, y: 1.65}
      - {x: -1.3, y: 1.09}
      - {x: -1.4, y: 0.98999995}
      - {x: -1.4599999, y: 0.90999997}
      - {x: -1.52, y: 0.81}
      - {x: -1.55, y: 0.77}
      - {x: -1.64, y: 0.58}
      - {x: -1.6899999, y: 0.45}
      - {x: -1.7199999, y: 0.35}
      - {x: -1.75, y: 0.22999999}
      - {x: -1.77, y: 0.11}
      - {x: -1.78, y: 0.01}
      - {x: -1.78, y: -0.26}
      - {x: -1.77, y: -0.35}
      - {x: -1.74, y: -0.53}
      - {x: -1.6899999, y: -0.7}
      - {x: -1.66, y: -0.78}
      - {x: -1.56, y: -1}
      - {x: -1.4599999, y: -1.16}
      - {x: -1.35, y: -1.3}
      - {x: -1.3, y: -1.3399999}
      - {x: -1.81, y: -1.8499999}
      - {x: -1.8299999, y: -1.8399999}
      - {x: -1.91, y: -1.93}
      - {x: -1.9, y: -1.9599999}
      - {x: -1.6999999, y: -2.1499999}
      - {x: -1.53, y: -2.29}
      - {x: -1.38, y: -2.3899999}
      - {x: -1.0699999, y: -2.55}
      - {x: -1.1, y: -2.61}
      - {x: -1.13, y: -2.6799998}
      - {x: -1.22, y: -2.8999999}
      - {x: -1.36, y: -3.23}
      - {x: -1.39, y: -3.31}
      - {x: -1.39, y: -3.34}
      - {x: -1.31, y: -3.3799999}
      - {x: -1.15, y: -3.4399998}
      - {x: -1, y: -3.49}
      - {x: -0.63, y: -3.58}
      - {x: -0.51, y: -3.6}
      - {x: -0.35, y: -3.62}
      - {x: -0.22999999, y: -3.6299999}
      - {x: -0.07, y: -3.6299999}
      - {x: -0.07, y: -4.35}
      - {x: -0.22, y: -4.3399997}
      - {x: -0.35999998, y: -4.33}
      - {x: -0.74, y: -4.2799997}
      - {x: -1.02, y: -4.22}
      - {x: -1.17, y: -4.18}
      - {x: -1.3299999, y: -4.13}
      - {x: -1.4699999, y: -4.08}
      - {x: -1.67, y: -4}
      - {x: -1.6899999, y: -4}
      - {x: -2.06, y: -3.81}
      - {x: -2.08, y: -3.79}
      - {x: -2.34, y: -3.6299999}
      - {x: -2.61, y: -3.4399998}
      - {x: -2.8, y: -3.28}
      - {x: -2.9299998, y: -3.1599998}
      - {x: -3.03, y: -3.06}
      - {x: -3.1499999, y: -2.9299998}
      - {x: -3.21, y: -2.86}
      - {x: -3.34, y: -2.7}
      - {x: -3.49, y: -2.48}
      - {x: -3.58, y: -2.34}
      - {x: -3.6799998, y: -2.1699998}
      - {x: -3.6999998, y: -2.1499999}
      - {x: -3.85, y: -1.86}
      - {x: -3.85, y: -1.8399999}
      - {x: -3.9199998, y: -1.67}
      - {x: -4.02, y: -1.39}
      - {x: -4.06, y: -1.25}
      - {x: -4.13, y: -0.96}
      - {x: -4.14, y: -0.9}
      - {x: -4.18, y: -0.64}
      - {x: -4.19, y: -0.55}
      - {x: -4.2, y: -0.44}
      - {x: -4.21, y: -0.22}
      - {x: -4.22, y: -0.04}
      - {x: -4.21, y: -0.03}
      - {x: -4.2, y: 0.19}
      - {x: -4.18, y: 0.39}
      - {x: -4.16, y: 0.53999996}
      - {x: -4.1, y: 0.84999996}
      - {x: -4, y: 1.1999999}
      - {x: -3.9399998, y: 1.37}
      - {x: -3.85, y: 1.5899999}
      - {x: -3.85, y: 1.61}
      - {x: -3.6999998, y: 1.9}
      - {x: -3.6799998, y: 1.92}
      - {x: -3.53, y: 2.1699998}
      - {x: -3.27, y: 2.53}
      - {x: -3.1499999, y: 2.6699998}
      - {x: -3.04, y: 2.8}
      - {x: -3.04, y: 2.81}
      - {x: -2.79, y: 3.04}
      - {x: -2.56, y: 3.23}
      - {x: -2.44, y: 3.31}
      - {x: -2.24, y: 3.4499998}
      - {x: -2.08, y: 3.54}
      - {x: -1.99, y: 3.59}
      - {x: -1.78, y: 3.7099998}
      - {x: -1.76, y: 3.7099998}
      - {x: -1.55, y: 3.8}
      - {x: -1.4399999, y: 3.83}
      - {x: -1.17, y: 3.9299998}
      - {x: -0.79999995, y: 4.02}
      - {x: -0.47, y: 4.0699997}
      - {x: -0.37, y: 4.08}
      - {x: -0.22999999, y: 4.0899997}
      - {x: -0.22, y: 4.1}
      - {x: 0.06, y: 4.1}
      - {x: 0.08, y: 4.12}
      - {x: 0.08, y: 4.22}
      - {x: 0.06, y: 4.24}
      - {x: -0.26999998, y: 4.24}
      - {x: -0.39, y: 4.23}
      - {x: -0.57, y: 4.21}
      - {x: -0.7, y: 4.19}
      - {x: -1.01, y: 4.14}
      - {x: -1.24, y: 4.08}
      - {x: -1.5, y: 3.98}
      - {x: -1.5899999, y: 3.9499998}
      - {x: -1.6999999, y: 3.8999999}
      - {x: -2.1, y: 3.7099998}
      - {x: -2.32, y: 3.58}
      - {x: -2.61, y: 3.3799999}
      - {x: -2.7, y: 3.31}
      - {x: -2.79, y: 3.23}
      - {x: -2.86, y: 3.1699998}
      - {x: -2.97, y: 3.07}
      - {x: -3.1899998, y: 2.85}
      - {x: -3.28, y: 2.75}
      - {x: -3.4299998, y: 2.58}
      - {x: -3.55, y: 2.4199998}
      - {x: -3.6599998, y: 2.26}
      - {x: -3.74, y: 2.1299999}
      - {x: -3.85, y: 1.9399999}
      - {x: -3.9599998, y: 1.7099999}
      - {x: -4.0299997, y: 1.55}
      - {x: -4.12, y: 1.35}
      - {x: -4.24, y: 0.90999997}
      - {x: -4.2799997, y: 0.72999996}
      - {x: -4.31, y: 0.56}
      - {x: -4.3399997, y: 0.32999998}
      - {x: -4.35, y: 0.22}
      - {x: -4.36, y: 0.049999997}
      - {x: -4.36, y: -0.29999998}
      - {x: -4.35, y: -0.47}
      - {x: -4.3399997, y: -0.58}
      - {x: -4.3199997, y: -0.74}
      - {x: -4.29, y: -0.91999996}
      - {x: -4.2599998, y: -1.0699999}
      - {x: -4.19, y: -1.39}
      - {x: -4.0699997, y: -1.7099999}
      - {x: -4.0299997, y: -1.81}
      - {x: -3.86, y: -2.1699998}
      - {x: -3.77, y: -2.33}
      - {x: -3.6599998, y: -2.51}
      - {x: -3.55, y: -2.6699998}
      - {x: -3.4299998, y: -2.83}
      - {x: -3.28, y: -3}
      - {x: -3.1799998, y: -3.11}
      - {x: -2.98, y: -3.31}
      - {x: -2.87, y: -3.4099998}
      - {x: -2.74, y: -3.52}
      - {x: -2.6399999, y: -3.6}
      - {x: -2.47, y: -3.74}
      - {x: -2.27, y: -3.86}
      - {x: -2.1, y: -3.9599998}
      - {x: -1.79, y: -4.11}
      - {x: -1.65, y: -4.17}
      - {x: -1.4499999, y: -4.2599998}
      - {x: -1.1899999, y: -4.33}
      - {x: -0.90999997, y: -4.4}
      - {x: -0.64, y: -4.45}
      - {x: -0.48999998, y: -4.47}
      - {x: -0.39, y: -4.48}
      - {x: -0.26, y: -4.49}
      - {x: 0.28, y: -4.49}
      - {x: 0.41, y: -4.48}
      - {x: 0.51, y: -4.47}
      - {x: 0.65999997, y: -4.45}
--- !u!212 &951140525
SpriteRenderer:
  m_ObjectHideFlags: 0
  m_CorrespondingSourceObject: {fileID: 0}
  m_PrefabInstance: {fileID: 0}
  m_PrefabAsset: {fileID: 0}
  m_GameObject: {fileID: 951140523}
  m_Enabled: 1
  m_CastShadows: 0
  m_ReceiveShadows: 0
  m_DynamicOccludee: 1
  m_MotionVectors: 1
  m_LightProbeUsage: 1
  m_ReflectionProbeUsage: 1
  m_RayTracingMode: 0
  m_RayTraceProcedural: 0
  m_RenderingLayerMask: 1
  m_RendererPriority: 0
  m_Materials:
  - {fileID: 10754, guid: 0000000000000000f000000000000000, type: 0}
  m_StaticBatchInfo:
    firstSubMesh: 0
    subMeshCount: 0
  m_StaticBatchRoot: {fileID: 0}
  m_ProbeAnchor: {fileID: 0}
  m_LightProbeVolumeOverride: {fileID: 0}
  m_ScaleInLightmap: 1
  m_ReceiveGI: 1
  m_PreserveUVs: 0
  m_IgnoreNormalsForChartDetection: 0
  m_ImportantGI: 0
  m_StitchLightmapSeams: 1
  m_SelectedEditorRenderState: 0
  m_MinimumChartSize: 4
  m_AutoUVMaxDistance: 0.5
  m_AutoUVMaxAngle: 89
  m_LightmapParameters: {fileID: 0}
  m_SortingLayerID: 0
  m_SortingLayer: 0
  m_SortingOrder: 0
  m_Sprite: {fileID: 21300000, guid: 20a93e92bc2f44943bb1677d47f8bed2, type: 3}
  m_Color: {r: 1, g: 1, b: 1, a: 1}
  m_FlipX: 0
  m_FlipY: 0
  m_DrawMode: 0
  m_Size: {x: 1, y: 1}
  m_AdaptiveModeThreshold: 0.5
  m_SpriteTileMode: 0
  m_WasSpriteAssigned: 1
  m_MaskInteraction: 0
  m_SpriteSortPoint: 0
--- !u!4 &951140526
Transform:
  m_ObjectHideFlags: 0
  m_CorrespondingSourceObject: {fileID: 0}
  m_PrefabInstance: {fileID: 0}
  m_PrefabAsset: {fileID: 0}
  m_GameObject: {fileID: 951140523}
  m_LocalRotation: {x: -0, y: -0, z: 0.7105098, w: -0.7036873}
  m_LocalPosition: {x: 0.038700014, y: -0.31440002, z: 0}
  m_LocalScale: {x: 1.0714294, y: 1.0714294, z: 1.0714294}
  m_Children: []
  m_Father: {fileID: 0}
  m_RootOrder: 4
  m_LocalEulerAnglesHint: {x: 0, y: 0, z: -90.553}
--- !u!1 &1252037892
GameObject:
  m_ObjectHideFlags: 0
  m_CorrespondingSourceObject: {fileID: 0}
  m_PrefabInstance: {fileID: 0}
  m_PrefabAsset: {fileID: 0}
  serializedVersion: 6
  m_Component:
  - component: {fileID: 1252037893}
  - component: {fileID: 1252037895}
  - component: {fileID: 1252037894}
  m_Layer: 5
  m_Name: SongName
  m_TagString: Untagged
  m_Icon: {fileID: 0}
  m_NavMeshLayer: 0
  m_StaticEditorFlags: 0
  m_IsActive: 1
--- !u!224 &1252037893
RectTransform:
  m_ObjectHideFlags: 0
  m_CorrespondingSourceObject: {fileID: 0}
  m_PrefabInstance: {fileID: 0}
  m_PrefabAsset: {fileID: 0}
  m_GameObject: {fileID: 1252037892}
  m_LocalRotation: {x: 0, y: 0, z: 0, w: 1}
  m_LocalPosition: {x: 0, y: 0, z: 0}
  m_LocalScale: {x: 1, y: 1, z: 1}
  m_Children: []
  m_Father: {fileID: 1972760043}
  m_RootOrder: 0
  m_LocalEulerAnglesHint: {x: 0, y: 0, z: 0}
  m_AnchorMin: {x: 0.5, y: 0.5}
  m_AnchorMax: {x: 0.5, y: 0.5}
  m_AnchoredPosition: {x: -767, y: -504}
  m_SizeDelta: {x: 349.6963, y: 58.0412}
  m_Pivot: {x: 0.5, y: 0.5}
--- !u!114 &1252037894
MonoBehaviour:
  m_ObjectHideFlags: 0
  m_CorrespondingSourceObject: {fileID: 0}
  m_PrefabInstance: {fileID: 0}
  m_PrefabAsset: {fileID: 0}
  m_GameObject: {fileID: 1252037892}
  m_Enabled: 1
  m_EditorHideFlags: 0
  m_Script: {fileID: 11500000, guid: f4688fdb7df04437aeb418b961361dc5, type: 3}
  m_Name: 
  m_EditorClassIdentifier: 
  m_Material: {fileID: 0}
  m_Color: {r: 1, g: 1, b: 1, a: 1}
  m_RaycastTarget: 1
  m_RaycastPadding: {x: 0, y: 0, z: 0, w: 0}
  m_Maskable: 1
  m_OnCullStateChanged:
    m_PersistentCalls:
      m_Calls: []
  m_text: 'Wham! -

    Wake Me Up Before You Go-Go'
  m_isRightToLeft: 0
  m_fontAsset: {fileID: 11400000, guid: 8f586378b4e144a9851e7b34d9b748ee, type: 2}
  m_sharedMaterial: {fileID: 2180264, guid: 8f586378b4e144a9851e7b34d9b748ee, type: 2}
  m_fontSharedMaterials: []
  m_fontMaterial: {fileID: 0}
  m_fontMaterials: []
  m_fontColor32:
    serializedVersion: 2
    rgba: 4294967295
  m_fontColor: {r: 1, g: 1, b: 1, a: 1}
  m_enableVertexGradient: 0
  m_colorMode: 3
  m_fontColorGradient:
    topLeft: {r: 1, g: 1, b: 1, a: 1}
    topRight: {r: 1, g: 1, b: 1, a: 1}
    bottomLeft: {r: 1, g: 1, b: 1, a: 1}
    bottomRight: {r: 1, g: 1, b: 1, a: 1}
  m_fontColorGradientPreset: {fileID: 0}
  m_spriteAsset: {fileID: 0}
  m_tintAllSprites: 0
  m_StyleSheet: {fileID: 0}
  m_TextStyleHashCode: -1183493901
  m_overrideHtmlColors: 0
  m_faceColor:
    serializedVersion: 2
    rgba: 4294967295
  m_fontSize: 22.5
  m_fontSizeBase: 22.5
  m_fontWeight: 400
  m_enableAutoSizing: 0
  m_fontSizeMin: 18
  m_fontSizeMax: 72
  m_fontStyle: 0
  m_HorizontalAlignment: 1
  m_VerticalAlignment: 256
  m_textAlignment: 65535
  m_characterSpacing: 0
  m_wordSpacing: 0
  m_lineSpacing: 0
  m_lineSpacingMax: 0
  m_paragraphSpacing: 0
  m_charWidthMaxAdj: 0
  m_enableWordWrapping: 1
  m_wordWrappingRatios: 0.4
  m_overflowMode: 0
  m_linkedTextComponent: {fileID: 0}
  parentLinkedComponent: {fileID: 0}
  m_enableKerning: 1
  m_enableExtraPadding: 0
  checkPaddingRequired: 0
  m_isRichText: 1
  m_parseCtrlCharacters: 1
  m_isOrthographic: 1
  m_isCullingEnabled: 0
  m_horizontalMapping: 0
  m_verticalMapping: 0
  m_uvLineOffset: 0
  m_geometrySortingOrder: 0
  m_IsTextObjectScaleStatic: 0
  m_VertexBufferAutoSizeReduction: 1
  m_useMaxVisibleDescender: 1
  m_pageToDisplay: 1
  m_margin: {x: 0, y: 0, z: 0, w: 0}
  m_isUsingLegacyAnimationComponent: 0
  m_isVolumetricText: 0
  m_hasFontAssetChanged: 0
  m_baseMaterial: {fileID: 0}
  m_maskOffset: {x: 0, y: 0, z: 0, w: 0}
--- !u!222 &1252037895
CanvasRenderer:
  m_ObjectHideFlags: 0
  m_CorrespondingSourceObject: {fileID: 0}
  m_PrefabInstance: {fileID: 0}
  m_PrefabAsset: {fileID: 0}
  m_GameObject: {fileID: 1252037892}
  m_CullTransparentMesh: 1
--- !u!1 &1367262051
GameObject:
  m_ObjectHideFlags: 0
  m_CorrespondingSourceObject: {fileID: 0}
  m_PrefabInstance: {fileID: 0}
  m_PrefabAsset: {fileID: 0}
  serializedVersion: 6
  m_Component:
  - component: {fileID: 1367262053}
  - component: {fileID: 1367262052}
  m_Layer: 0
  m_Name: Head
  m_TagString: Untagged
  m_Icon: {fileID: 0}
  m_NavMeshLayer: 0
  m_StaticEditorFlags: 0
  m_IsActive: 1
--- !u!212 &1367262052
SpriteRenderer:
  m_ObjectHideFlags: 0
  m_CorrespondingSourceObject: {fileID: 0}
  m_PrefabInstance: {fileID: 0}
  m_PrefabAsset: {fileID: 0}
  m_GameObject: {fileID: 1367262051}
  m_Enabled: 1
  m_CastShadows: 0
  m_ReceiveShadows: 0
  m_DynamicOccludee: 1
  m_MotionVectors: 1
  m_LightProbeUsage: 1
  m_ReflectionProbeUsage: 1
  m_RayTracingMode: 0
  m_RayTraceProcedural: 0
  m_RenderingLayerMask: 1
  m_RendererPriority: 0
  m_Materials:
  - {fileID: 10754, guid: 0000000000000000f000000000000000, type: 0}
  m_StaticBatchInfo:
    firstSubMesh: 0
    subMeshCount: 0
  m_StaticBatchRoot: {fileID: 0}
  m_ProbeAnchor: {fileID: 0}
  m_LightProbeVolumeOverride: {fileID: 0}
  m_ScaleInLightmap: 1
  m_ReceiveGI: 1
  m_PreserveUVs: 0
  m_IgnoreNormalsForChartDetection: 0
  m_ImportantGI: 0
  m_StitchLightmapSeams: 1
  m_SelectedEditorRenderState: 0
  m_MinimumChartSize: 4
  m_AutoUVMaxDistance: 0.5
  m_AutoUVMaxAngle: 89
  m_LightmapParameters: {fileID: 0}
  m_SortingLayerID: 0
  m_SortingLayer: 0
  m_SortingOrder: -5
  m_Sprite: {fileID: 21300000, guid: bccfd21a6a6254d90ad73c11e2531f0d, type: 3}
  m_Color: {r: 1, g: 1, b: 1, a: 1}
  m_FlipX: 0
  m_FlipY: 0
  m_DrawMode: 0
  m_Size: {x: 1, y: 1}
  m_AdaptiveModeThreshold: 0.5
  m_SpriteTileMode: 0
  m_WasSpriteAssigned: 1
  m_MaskInteraction: 0
  m_SpriteSortPoint: 0
--- !u!4 &1367262053
Transform:
  m_ObjectHideFlags: 0
  m_CorrespondingSourceObject: {fileID: 0}
  m_PrefabInstance: {fileID: 0}
  m_PrefabAsset: {fileID: 0}
  m_GameObject: {fileID: 1367262051}
  m_LocalRotation: {x: 0, y: 0, z: 0, w: 1}
  m_LocalPosition: {x: 0.038700014, y: -0.1362, z: 0}
  m_LocalScale: {x: 2.4113555, y: 2.2106736, z: 0.14457792}
  m_Children: []
  m_Father: {fileID: 0}
  m_RootOrder: 3
  m_LocalEulerAnglesHint: {x: 0, y: 0, z: 0}
--- !u!1 &1702026167
GameObject:
  m_ObjectHideFlags: 0
  m_CorrespondingSourceObject: {fileID: 0}
  m_PrefabInstance: {fileID: 0}
  m_PrefabAsset: {fileID: 0}
  serializedVersion: 6
  m_Component:
  - component: {fileID: 1702026169}
  - component: {fileID: 1702026168}
  m_Layer: 0
  m_Name: 'Background '
  m_TagString: Untagged
  m_Icon: {fileID: 0}
  m_NavMeshLayer: 0
  m_StaticEditorFlags: 0
  m_IsActive: 1
--- !u!212 &1702026168
SpriteRenderer:
  m_ObjectHideFlags: 0
  m_CorrespondingSourceObject: {fileID: 0}
  m_PrefabInstance: {fileID: 0}
  m_PrefabAsset: {fileID: 0}
  m_GameObject: {fileID: 1702026167}
  m_Enabled: 1
  m_CastShadows: 0
  m_ReceiveShadows: 0
  m_DynamicOccludee: 1
  m_MotionVectors: 1
  m_LightProbeUsage: 1
  m_ReflectionProbeUsage: 1
  m_RayTracingMode: 0
  m_RayTraceProcedural: 0
  m_RenderingLayerMask: 1
  m_RendererPriority: 0
  m_Materials:
  - {fileID: 10754, guid: 0000000000000000f000000000000000, type: 0}
  m_StaticBatchInfo:
    firstSubMesh: 0
    subMeshCount: 0
  m_StaticBatchRoot: {fileID: 0}
  m_ProbeAnchor: {fileID: 0}
  m_LightProbeVolumeOverride: {fileID: 0}
  m_ScaleInLightmap: 1
  m_ReceiveGI: 1
  m_PreserveUVs: 0
  m_IgnoreNormalsForChartDetection: 0
  m_ImportantGI: 0
  m_StitchLightmapSeams: 1
  m_SelectedEditorRenderState: 0
  m_MinimumChartSize: 4
  m_AutoUVMaxDistance: 0.5
  m_AutoUVMaxAngle: 89
  m_LightmapParameters: {fileID: 0}
  m_SortingLayerID: 0
  m_SortingLayer: 0
  m_SortingOrder: -9
  m_Sprite: {fileID: 21300000, guid: 48928425294734d6b8c43801f4385f2d, type: 3}
  m_Color: {r: 1, g: 1, b: 1, a: 1}
  m_FlipX: 0
  m_FlipY: 0
  m_DrawMode: 0
  m_Size: {x: 1, y: 1}
  m_AdaptiveModeThreshold: 0.5
  m_SpriteTileMode: 0
  m_WasSpriteAssigned: 1
  m_MaskInteraction: 0
  m_SpriteSortPoint: 0
--- !u!4 &1702026169
Transform:
  m_ObjectHideFlags: 0
  m_CorrespondingSourceObject: {fileID: 0}
  m_PrefabInstance: {fileID: 0}
  m_PrefabAsset: {fileID: 0}
  m_GameObject: {fileID: 1702026167}
  m_LocalRotation: {x: 0, y: 0, z: -1, w: 0}
  m_LocalPosition: {x: 0.61, y: 6.18, z: 0}
  m_LocalScale: {x: 2.9459805, y: 2.9306123, z: 0.17261678}
  m_Children: []
  m_Father: {fileID: 0}
  m_RootOrder: 2
  m_LocalEulerAnglesHint: {x: 0, y: 0, z: -180}
--- !u!1 &1914963051
GameObject:
  m_ObjectHideFlags: 0
  m_CorrespondingSourceObject: {fileID: 0}
  m_PrefabInstance: {fileID: 0}
  m_PrefabAsset: {fileID: 0}
  serializedVersion: 6
  m_Component:
  - component: {fileID: 1914963053}
  - component: {fileID: 1914963052}
  m_Layer: 0
  m_Name: Wham_Wake_Me_Up_Before_You_Go_Go_Official_Vide (mp3cut.net)
  m_TagString: Untagged
  m_Icon: {fileID: 0}
  m_NavMeshLayer: 0
  m_StaticEditorFlags: 0
  m_IsActive: 1
--- !u!82 &1914963052
AudioSource:
  m_ObjectHideFlags: 0
  m_CorrespondingSourceObject: {fileID: 0}
  m_PrefabInstance: {fileID: 0}
  m_PrefabAsset: {fileID: 0}
  m_GameObject: {fileID: 1914963051}
  m_Enabled: 1
  serializedVersion: 4
  OutputAudioMixerGroup: {fileID: 0}
  m_audioClip: {fileID: 8300000, guid: 4bb146371da6243e3bb0ace4b9a5bc38, type: 3}
  m_PlayOnAwake: 1
  m_Volume: 1
  m_Pitch: 1
  Loop: 1
  Mute: 0
  Spatialize: 0
  SpatializePostEffects: 0
  Priority: 128
  DopplerLevel: 1
  MinDistance: 1
  MaxDistance: 500
  Pan2D: 0
  rolloffMode: 0
  BypassEffects: 0
  BypassListenerEffects: 0
  BypassReverbZones: 0
  rolloffCustomCurve:
    serializedVersion: 2
    m_Curve:
    - serializedVersion: 3
      time: 0
      value: 1
      inSlope: 0
      outSlope: 0
      tangentMode: 0
      weightedMode: 0
      inWeight: 0.33333334
      outWeight: 0.33333334
    - serializedVersion: 3
      time: 1
      value: 0
      inSlope: 0
      outSlope: 0
      tangentMode: 0
      weightedMode: 0
      inWeight: 0.33333334
      outWeight: 0.33333334
    m_PreInfinity: 2
    m_PostInfinity: 2
    m_RotationOrder: 4
  panLevelCustomCurve:
    serializedVersion: 2
    m_Curve:
    - serializedVersion: 3
      time: 0
      value: 0
      inSlope: 0
      outSlope: 0
      tangentMode: 0
      weightedMode: 0
      inWeight: 0.33333334
      outWeight: 0.33333334
    m_PreInfinity: 2
    m_PostInfinity: 2
    m_RotationOrder: 4
  spreadCustomCurve:
    serializedVersion: 2
    m_Curve:
    - serializedVersion: 3
      time: 0
      value: 0
      inSlope: 0
      outSlope: 0
      tangentMode: 0
      weightedMode: 0
      inWeight: 0.33333334
      outWeight: 0.33333334
    m_PreInfinity: 2
    m_PostInfinity: 2
    m_RotationOrder: 4
  reverbZoneMixCustomCurve:
    serializedVersion: 2
    m_Curve:
    - serializedVersion: 3
      time: 0
      value: 1
      inSlope: 0
      outSlope: 0
      tangentMode: 0
      weightedMode: 0
      inWeight: 0.33333334
      outWeight: 0.33333334
    m_PreInfinity: 2
    m_PostInfinity: 2
    m_RotationOrder: 4
--- !u!4 &1914963053
Transform:
  m_ObjectHideFlags: 0
  m_CorrespondingSourceObject: {fileID: 0}
  m_PrefabInstance: {fileID: 0}
  m_PrefabAsset: {fileID: 0}
  m_GameObject: {fileID: 1914963051}
  m_LocalRotation: {x: 0, y: 0, z: 0, w: 1}
  m_LocalPosition: {x: 0, y: 0, z: 0}
  m_LocalScale: {x: 1, y: 1, z: 1}
  m_Children: []
  m_Father: {fileID: 0}
  m_RootOrder: 7
  m_LocalEulerAnglesHint: {x: 0, y: 0, z: 0}
--- !u!1 &1972760039
GameObject:
  m_ObjectHideFlags: 0
  m_CorrespondingSourceObject: {fileID: 0}
  m_PrefabInstance: {fileID: 0}
  m_PrefabAsset: {fileID: 0}
  serializedVersion: 6
  m_Component:
  - component: {fileID: 1972760043}
  - component: {fileID: 1972760042}
  - component: {fileID: 1972760041}
  - component: {fileID: 1972760040}
  m_Layer: 5
  m_Name: Canvas
  m_TagString: Untagged
  m_Icon: {fileID: 0}
  m_NavMeshLayer: 0
  m_StaticEditorFlags: 0
  m_IsActive: 1
--- !u!114 &1972760040
MonoBehaviour:
  m_ObjectHideFlags: 0
  m_CorrespondingSourceObject: {fileID: 0}
  m_PrefabInstance: {fileID: 0}
  m_PrefabAsset: {fileID: 0}
  m_GameObject: {fileID: 1972760039}
  m_Enabled: 1
  m_EditorHideFlags: 0
  m_Script: {fileID: 11500000, guid: dc42784cf147c0c48a680349fa168899, type: 3}
  m_Name: 
  m_EditorClassIdentifier: 
  m_IgnoreReversedGraphics: 1
  m_BlockingObjects: 0
  m_BlockingMask:
    serializedVersion: 2
    m_Bits: 4294967295
--- !u!114 &1972760041
MonoBehaviour:
  m_ObjectHideFlags: 0
  m_CorrespondingSourceObject: {fileID: 0}
  m_PrefabInstance: {fileID: 0}
  m_PrefabAsset: {fileID: 0}
  m_GameObject: {fileID: 1972760039}
  m_Enabled: 1
  m_EditorHideFlags: 0
  m_Script: {fileID: 11500000, guid: 0cd44c1031e13a943bb63640046fad76, type: 3}
  m_Name: 
  m_EditorClassIdentifier: 
  m_UiScaleMode: 1
  m_ReferencePixelsPerUnit: 100
  m_ScaleFactor: 1
  m_ReferenceResolution: {x: 1920, y: 1080}
  m_ScreenMatchMode: 0
  m_MatchWidthOrHeight: 0
  m_PhysicalUnit: 3
  m_FallbackScreenDPI: 96
  m_DefaultSpriteDPI: 96
  m_DynamicPixelsPerUnit: 1
  m_PresetInfoIsWorld: 0
--- !u!223 &1972760042
Canvas:
  m_ObjectHideFlags: 0
  m_CorrespondingSourceObject: {fileID: 0}
  m_PrefabInstance: {fileID: 0}
  m_PrefabAsset: {fileID: 0}
  m_GameObject: {fileID: 1972760039}
  m_Enabled: 1
  serializedVersion: 3
  m_RenderMode: 0
  m_Camera: {fileID: 0}
  m_PlaneDistance: 100
  m_PixelPerfect: 0
  m_ReceivesEvents: 1
  m_OverrideSorting: 0
  m_OverridePixelPerfect: 0
  m_SortingBucketNormalizedSize: 0
  m_AdditionalShaderChannelsFlag: 25
  m_SortingLayerID: 0
  m_SortingOrder: 0
  m_TargetDisplay: 0
--- !u!224 &1972760043
RectTransform:
  m_ObjectHideFlags: 0
  m_CorrespondingSourceObject: {fileID: 0}
  m_PrefabInstance: {fileID: 0}
  m_PrefabAsset: {fileID: 0}
  m_GameObject: {fileID: 1972760039}
  m_LocalRotation: {x: 0, y: 0, z: 0, w: 1}
  m_LocalPosition: {x: 0, y: 0, z: 0}
  m_LocalScale: {x: 0, y: 0, z: 0}
  m_Children:
  - {fileID: 1252037893}
  m_Father: {fileID: 0}
  m_RootOrder: 1
  m_LocalEulerAnglesHint: {x: 0, y: 0, z: 0}
  m_AnchorMin: {x: 0, y: 0}
  m_AnchorMax: {x: 0, y: 0}
  m_AnchoredPosition: {x: 0, y: 0}
  m_SizeDelta: {x: 0, y: 0}
  m_Pivot: {x: 0, y: 0}
